@online{akinslaws,
	author = "David Akin",
	title = "Akin's Laws of Spacecraft Design",
	url  = "https://spacecraft.ssl.umd.edu/akins_laws.html",
	addendum = "(accessed: 05/03/2022)",
	keywords = "CubeSat Design Specifications"}}

@online{nea_stats_jpl,
	author = "NASA Jet Propulsion Laboratory, Center for Near Earth Object Studies",
	title = "Disovery statistics for Near-Earth Asteroids",
	url = "https://cneos.jp/.nasa.gov/stats/totals.html",
	addendum = "(accessed: 08/03/2022)"}}

@online{mpc_data,
	author = "International Astronomical Union, Minor Planet Center",
	title = "Data available from Minor Planet Center",
	url = "https://minorplanetcenter.net/data",
	addendum = "(accessed: 08/03/2022)"}

@online{neo_definition,
	author = "European Space Agency, Near-Earth Objects Coordination Center",
	title = "Definition and Assumptions",
	url = "https://neo.ssa.esa.int/definitions-assumptions",
	addendum = "(accessed: 08/03/2022)"}

@online{eyes_on_asteroids,
	author = "Jet Propulsion Laboratory",
	title = "Eyes on Asteroids",
	url = "https://www.jpl.nasa.gov/asteroid-watch/eyes-on-asteroids",
	addendum = "(accessed: 08/03/2022)"}

@article{Julia-2017,
	title={Julia: A fresh approach to numerical computing},
	author={Bezanson, Jeff and Edelman, Alan and Karpinski, Stefan and Shah, Viral B},
	journal={SIAM {R}eview},
	volume={59},
	number={1},
	pages={65--98},
	year={2017},
	publisher={SIAM},
	doi={10.1137/141000671},
	url={https://epubs.siam.org/doi/10.1137/141000671}
}

@online{julia-benchmark,
	author = "Julia programming language",
	title = "Julia Micro-Benchmarks",
	url = "https://julialang.org/benchmarks/",
	addendum = "(accessed: 13/03/2022)"}


@inproceedings{rosetta-orbit,
	title={Trajectory preparation for the approach of spacecraft rosetta to comet 67P/Churyumov-Gerasimenko},
	author={Ulrich Herfort and Carlos M. Casas},
	booktitleaddon={Proceedings of the 25th International Symposium on Space Flight Dynamics ISSFD},
	year={2015}
}


@article{hera-autonomous-ops,
	title={HERA autonomous Guidance, Navigation and Control experiments: enabling better asteroid science \& future missions},
	author={Gil-Fern{\'a}ndez, Jesus and Casasco, M and Carnelli, I and Martino, P and K{\"u}ppers, M},
	year={2019}
}

@article{spice,
	author={Acton, C.H.},
	title ={{Ancillary Data Services of NASA's Navigation and Ancillary Information Facility}},
	journal={Planetary and Space Science},
	volume={44},
	number={1},
	pages={65--70},
	year={1996}
}
	
@online{esa-spice-hera,
	author = "ESA SPICE service",
	title = "Operational Kernels for the Hera mission",
	url = "https://www.cosmos.esa.int/web/spice",
	addendum = "(accessed: 13/03/2022)"}
}
	